4326 5708
268 650 317 723 50
566 663 822 723 corruuarro
849 662 1055 756 caranoor
1081 663 1302 724 menonuu
1327 612 1577 728 cirruonuu

547 860 613 912 ¹uun
636 839 776 901 editioni·
795 841 1097 902 mortuorunm
1121 846 1262 922 expolitus
1283 846 1445 902 invonitur.
1467 864 1497 902 v.
1519 843 1604 902 catal.
1623 843 1685 900 mei
1706 839 1770 902 rol.
1788 860 1814 898 ι.
1833 839 1874 898 Ν.

537 948 540 955 ·
559 947 624 990 202.
643 952 707 991 aro.
727 936 789 1009 ⁸73·
808 935 871 992 216.
892 953 955 1010 272.
974 939 1035 996 vol.
1054 955 1080 994 2.
1101 940 1140 996 N.
1162 933 1225 994 218.
1245 934 1291 1014 98.
1308 941 1376 995 2'18.
1394 939 1458 1015 429.
1478 939 1549 1011 4³⁵·

945 1173 1205 1258 M,n.xvr
1279 1122 1284 1129 ⁵
1346 1209 1350 1219 ·

374 1382 753 1481 712.-comoenue
776 1381 937 1455 Terentii
954 1400 1082 1475 metro
1109 1384 1358 1519 numerisque
1379 1386 1579 1460 restitutae.
1607 1423 1653 1443 -
1677 1382 1723 1458 ad
1743 1383 1881 1459 Lecto-

239 1552 249 1562 ·
279 1528 365 1577 rem
379 1543 426 1562 -
447 1500 633 1601 Quisquis
651 1526 710 1586 es,
740 1500 800 1572 cui
823 1500 972 1573 romani
988 1499 1171 1576 sermonis
1198 1505 1383 1601 elegantia
1399 1507 1448 1578 est
1465 1501 1591 1588 cordi,
1607 1501 1821 1586 hortamur,
1841 1501 1883 1576 in

285 1619 448 1691 Terentii
462 1618 606 1693 fabulas
631 1616 766 1691 animis
791 1614 1012 1692 incumbite.
1040 1618 1138 1694 Usus
1158 1623 1231 1694 ello
1247 1619 1446 1706 librorum,
1462 1619 1529 1720 qui
1556 1617 1690 1692 nostrie
1706 1617 1884 1693 formulis

118 1737 120 1741 ’
182 1773 185 1778 v
280 1735 404 1810 excufi
424 1735 649 1835 spectantur.
677 1731 926 1818 Hi,s1studiis
950 1735 1223 1811 intercellerint
1247 1736 1397 1836 frugem
1415 1736 1503 1822 tibi,
1526 1736 1664 1811 Thema
1683 1734 1885 1836 Anshelme

277 1853 451 1953 gratiam,
468 1851 643 1951 utrisque
660 1849 812 1926 laudem
829 1852 1020 1951 pariunto.
1039 1856 1081 1929 ld
1098 1871 1268 1930 meretur
1283 1855 1409 1940 labor,
1428 1854 1495 1956 qui
1511 1856 1572 1930 vel
1587 1854 1698 1929 nobis
1717 1870 1884 1956 quantus

164 2010 171 2023 ι
277 1970 407 2058 fuerit,
424 1996 502 2043 non
522 1968 714 2069 praedico.
730 1974 918 2058 Αντὸλιὴιξν·
945 1973 1065 2047 Modo
1084 1975 1203 2050 lector
1220 1973 1359 2059 faveto,
1370 1972 1500 2057 emito,
1512 1970 1668 2048 versato.
1693 1971 1783 2045 Tibi
1801 1997 1886 2047 mu-

279 2090 338 2164 sae
360 2087 779 2164 TeremiiComoediam
796 2087 979 2164 dicarunt.
998 2093 1045 2165 H.
1065 2108 1103 2167 et
1120 2093 1164 2165 L.
1176 2092 1214 2165 S.
1229 2089 1442 2190 Tubingen.
1468 2090 1574 2164 Haec
1592 2089 1633 2164 in
1649 2088 1776 2164 fronte
1797 2089 1884 2163 lim·

279 2204 333 2282 bo
351 2206 465 2280 inciso
485 2205 607 2292 inclus
626 2265 632 2278 .
655 2249 706 2266 ·-
728 2207 792 2280 fol.
826 2237 855 2281 1.
879 2208 914 2280 b.
932 2250 982 2264 -
996 2208 1163 2310 Philippi
1179 2208 1301 2282 Melae
1312 2207 1503 2282 Prendani
1525 2205 1571 2282 ad
1590 2206 1743 2280 Paulum
1761 2207 1890 2280 Gerre·

281 2325 439 2398 andrum
454 2323 651 2424 Epistolae.
670 2367 716 2380 -
742 2323 805 2397 fot.
831 2324 864 2398 3.
890 2323 1124 2399 introductio
1153 2343 1191 2401 et
1209 2324 1373 2428 systema.
1396 2368 1445 2385 -
1462 2325 1525 2399 lol.
1552 2353 1581 2398 1.
1608 2324 1693 2423 figu.
1722 2324 1889 2400 Comoe-

283 2442 368 2520 diae
388 2485 433 2500 -
456 2441 621 2516 lol.101.
644 2441 834 2540 non-fign
862 2442 1048 2540 Tubingae
1072 2441 1112 2516 in
1134 2440 1290 2517 aedibus
1313 2443 1472 2518 Thomae
1488 2441 1685 2540 Anslrelmi
1705 2441 1886 2540 Badcnfis

283 2558 415 2636 mense
430 2558 573 2634 Martio
592 2585 693 2634 anno
713 2558 765 2633 M.
787 2559 835 2634 D.
847 2558 954 2635 XVl.
971 2602 1020 2618 -
1038 2559 1168 2660 lnfign.
1189 2561 1430 2661 Typogr.—
1447 2560 1559 2636 Char.
1578 2562 1638 2636 lat.
1656 2557 1797 2662 lplend
1815 2558 1894 2636 loll.

290 2679 378 2780 fign.
391 2704 451 2780 90.
470 2723 518 2738 -
536 2676 576 2750 in
591 2692 675 2756 toto
696 2702 773 2756 roo.
789 2677 854 2753 lin.
873 2679 933 2756 33.
954 2685 986 2768 4.
1179 2700 1181 2704 ·
1643 2708 1645 2712 ·
1840 2662 1842 2666 ’

479 2849 607 2936 Ponzfri
621 2848 717 2904 annal.
736 2864 853 2926 typogr.
874 2852 909 2906 Τ.
926 2847 955 2911 8.
973 2871 1001 2927 p.
1020 2848 1083 2909 328.
1102 2851 1140 2907 N.
1160 2853 1206 2926 45.

393 3034 474 3132 713!
488 3076 535 3093 ·-
549 3033 828 3131 Longobardica
845 3033 1007 3130 historeo,
1028 3062 1102 3136 que
1119 3065 1140 3112 a
1158 3037 1352 3138 plerisque
1372 3063 1483 3117 aureo
1500 3038 1656 3136 legenda
1680 3034 1900 3112 sanctorum

303 3154 536 3255 appellatur,
562 3152 635 3225 five
650 3143 1087 3251 paffionalesonctonrm.
1105 3201 1153 3215 -
1173 3155 1279 3228 Haec
1297 3155 1337 3228 in
1351 3155 1479 3247 fronte
1499 3156 1567 3229 litt.
1584 3154 1690 3229 rubr.
1708 3195 1760 3212 -
1777 3153 1841 3228 fol.
1865 3179 1902 3229 2.

297 3272 426 3348 tabula
443 3268 700 3367 legendarum
720 3308 762 3325 -
785 3268 849 3344 sol.
876 3276 929 3359 14.
947 3271 1105 3369 legenda
1126 3315 1175 3330 —
1193 3272 1254 3346 sol.
1273 3273 1355 3361 248.
1378 3272 1440 3347 lin.
1463 3272 1514 3346 13.
1528 3271 1736 3346 Pallionale
1751 3270 1825 3346 five
1847 3271 1902 3344 le·

294 3390 418 3492 genda
430 3388 679 3487 scriptorum,
698 3388 906 3487 compilate
923 3416 993 3488 per
1011 3389 1266 3465 reverendum
1284 3388 1483 3464 dominum
1499 3389 1669 3463 Jocobum
1681 3387 1904 3485 Jannuensis

295 3506 528 3611 Episcopum
548 3504 692 3579 ordinis
711 3505 873 3580 fratrum
891 3505 1178 3605 predicatorum
1203 3532 1292 3582 cum
1309 3507 1456 3606 aliquot
1477 3505 1708 3606 scriptorum
1731 3504 1902 3607 legendis

297 3629 517 3727 adjunctum
533 3624 702 3725 expensls
731 3622 993 3725 circumspecti
1020 3625 1093 3697 viri
1108 3625 1267 3698 Ioannis
1281 3625 1453 3726 Byumau
1480 3625 1526 3699 de
1545 3624 1718 3725 Oringau
1740 3620 1906 3709 archibiff

293 3743 483 3844 bliopole:
501 3742 541 3815 in
558 3741 712 3817 officina
734 3741 902 3817 industrii
916 3743 1072 3814 Hearici
1085 3744 1185 3815 Gran
1203 3741 1409 3842 imperialis
1425 3741 1530 3841 opidi
1548 3744 1782 3840 Hagenaoen
1805 3738 1897 3816 civis

297 3878 471 3938 accurate
489 3859 681 3962 imprelle:
708 3886 809 3935 anno
832 3861 951 3958 gratie
966 3860 1156 3933 MDXVl.
1180 3858 1306 3960 pridie
1326 3861 1407 3935 Kal.
1427 3860 1560 3936 mentis
1579 3858 1732 3959 Augusti
1760 3856 1898 3934 finiunt

298 3980 467 4057 feliciter.
486 3979 597 4054 Char.
610 3978 723 4079 goth.
742 3978 820 4051 soll.
841 3978 923 4068 248.
939 4004 1019 4054 non
1035 3978 1121 4078 fign.
1139 3979 1204 4053 lin.
1223 3979 1280 4054 51.
1296 3977 1320 4052 f.

493 4151 621 4208 Panzeri
638 4147 737 4206 annal.
752 4163 870 4224 typogr.
890 4150 925 4205 T.
943 4172 970 4226 7.
987 4169 1016 4227 p.
1033 4146 1081 4210 δι.
1099 4151 1140 4208 N.
1158 4170 1221 4205 ιιι.

957 4338 1252 4466 M.nsxvur
1314 4388 1321 4396 ·

402 4607 484 4700 714.
498 4640 541 4709 f·-
557 4598 593 4674 T.
609 4601 733 4675 berziis
749 4601 953 4677 Patavinua
969 4601 1182 4675 Historicus.
1203 4599 1353 4674 duobus
1370 4598 1476 4674 libris
1493 4614 1625 4675 auctus
1645 4623 1734 4672 cum
1751 4597 1794 4671 L.
1804 4597 1908 4672 Hon'

306 4719 485 4820 epitome.
502 4716 626 4792 indice
643 4717 796 4818 copioso
818 4735 856 4795 et
878 4719 1068 4800 annotatis,
1085 4719 1125 4791 in
1141 4717 1259 4790 libros
1272 4718 1356 4790 Vll.
1376 4716 1464 4789 belli
1479 4717 1625 4793 Maced.
1642 4741 1732 4791 cum
1746 4713 1902 4817 privile-

307 4837 371 4939 gio
391 4835 577 4922 decennii.
595 4878 641 4898 -
657 4836 761 4914 Haec
786 4838 826 4914 in
847 4837 993 4926 fronte,
1018 4835 1138 4914 limbo
1161 4834 1357 4936 splendido
1381 4835 1588 4939 figurisque
1610 4849 1744 4913 oruata
1766 4875 1814 4894 -
1835 4830 1901 4907 lol.
