4326 5708
266 647 314 734 54
546 655 832 721 cortrlnua'rlo
859 657 1065 720 enmoot
1091 650 1311 719 notionum
1335 655 1585 716 munorum

270 838 435 940 primam
451 837 605 912 Erasmi
615 839 810 939 epistolam
826 839 901 916 slve
919 841 966 915 ad
983 838 1190 940 spongiam.
1207 839 1271 912 fol.
1290 841 1347 927 64.
1368 837 1431 911 lin.
1455 837 1509 911 18.
1537 834 1629 910 vale.
1649 831 1719 905 fol.
1735 831 1822 907 eorl
1835 830 1876 903 b.

268 956 426 1057 Effigies
440 960 597 1031 Erasmi.
615 958 727 1032 Char.
743 959 805 1034 lat.
823 958 900 1034 foll.
918 960 975 1034 68.
993 985 1072 1033 non
1088 958 1174 1057 fign.
1196 958 1260 1032 lin.
1281 984 1338 1054 27.
1357 955 1389 1029 8.
1897 956 1903 965 ’
2023 944 2024 948 “

460 1129 590 1208 Panaeti
604 1127 700 1183 annal.
715 1132 918 1208 typogr,=T.9.
936 1150 963 1206 p.
974 1131 1037 1204 372.
1056 1130 1096 1191 N.
1106 1128 1169 1188 661.
1188 1148 1212 1194 0,
1226 1125 1335 1184 ibidem
1351 1144 1441 1182 annus
1458 1122 1664 1201 impressionis.
1684 1120 1877 1197 Argentorotr'

559 1220 639 1285 1523,
652 1221 810 1280 indicatur.
909 1254 911 1259 ·

855 1390 857 1395 ¹
928 1440 981 1514 n.
1006 1440 1054 1514 u.
1081 1439 1212 1512 xxv.

246 1666 249 1670 '
371 1676 452 1749 722.
476 1690 525 1709 -
545 1651 850 1725 Deutoonomon
868 1648 974 1725 Mose
989 1676 1077 1724 cum
1093 1648 1400 1724 annotationibus
1423 1643 1530 1720 Mart.
1547 1643 1702 1718 Lutlzeri
1716 1642 1875 1751 11111210-

273 1769 381 1868 berge
400 1772 502 1844 1525.
514 1811 563 1826 -
575 1769 680 1842 Haec
695 1768 736 1842 in
752 1769 880 1842 fronte
894 1769 1013 1843 limbo
1033 1784 1186 1854 ornata,
1203 1768 1267 1839 fol.
1284 1794 1318 1840 2.
1341 1765 1443 1866 epist.
1456 1764 1612 1837 Lutheri
1624 1761 1670 1836 ad
1680 1759 1873 1861 Georgium

274 1915 297 1961 a
312 1885 543 1961 Polemio·
566 1886 983 1985 11011101.267.110..ι9.
1002 1887 1037 1962 8.
1062 1885 1337 1988 lliltembergoe
1359 1883 1460 1983 apud
1484 1881 1613 1956 Iahon.
1629 1876 1749 1974 Luffl',
1774 1899 1876 1951 anno

238 2067 243 2076 .
278 2004 423 2080 domini
444 2006 548 2081 1525.
566 2005 678 2079 Char.
699 2004 761 2079 lat.
778 2003 855 2078 foll.
876 2006 959 2101 Ι267.
975 2003 1060 2103 [ign.
1081 2005 1120 2078 in
1135 2019 1221 2078 toto
1233 2009 1316 2098 247.
1335 1999 1398 2074 lin.
1419 2007 1475 2090 24.
1488 2001 1522 2074 8.
1751 2024 1760 2039 ’

468 2160 597 2259 Panzerl
613 2175 709 2231 annal.
729 2191 847 2252 typogr.
866 2146 903 2231 Τ
920 2192 947 2250 9.
975 2170 1192 2250 p.85.N.171.

373 2360 455 2458 723.
479 2402 530 2420 -
553 2361 613 2433 De
629 2363 711 2434 vera
735 2358 773 2436 et
782 2359 893 2460 salso
910 2363 1087 2461 religione
1101 2360 1309 2462 Huldtyclrl
1320 2359 1487 2459 szbglii
1500 2352 1812 2431 commentarius.
1827 2389 1881 2409 -

276 2476 454 2554 lndicem‘
472 2475 641 2580 capitum
665 2479 783 2553 totius
808 2481 936 2581 operis
963 2478 1159 2554 inveniens
1183 2478 1223 2552 in
1240 2480 1315 2553 fine
1344 2478 1493 2551 libri-
1517 2476 1645 2574 Tlgarz'
1663 2472 1702 2589 in
1718 2469 1880 2545 aedibus

281 2596 530 2698 Chnlrtopbon'
544 2597 771 2694 Froselrauer‚
797 2626 896 2673 anno
922 2599 1032 2673 MD.
1045 2598 1173 2672 XXV.
1192 2597 1315 2671 mense
1329 2595 1482 2681 Martio.
1504 2592 1632 2667 venite
1651 2589 1699 2664 ad
1713 2613 1776 2662 me
1795 2612 1879 2661 orn·

271 2739 352 2804 nes,
372 2715 439 2816 qni
454 2709 633 2811 laboratis
649 2733 687 2789 et
705 2718 851 2792 onerati
870 2718 970 2806 eatis,
987 2735 1026 2793 et
1041 2741 1111 2816 ego
1128 2715 1302 2816 requiem
1319 2711 1429 2788 vobio
1444 2709 1648 2811 praestabo.
1660 2705 1761 2783 Mau.
1775 2733 1787 2778 1
1799 2732 1881 2817 r.-

272 2833 378 2906 Haec
395 2833 435 2906 in
450 2832 577 2906 sronte
591 2834 709 2908 limbo
725 2837 933 2936 figurisque
951 2837 1138 2910 decorata.
1149 2877 1198 2892 -
1219 2831 1282 2907 fol.
1304 2832 1388 2907 eod.
1403 2831 1439 2904 b.
1460 2828 1636 2926 Zorbglai'
1655 2825 1808 2926 epistola
1829 2822 1878 2898 ad

272 2950 498 3046 Franczstum
516 2950 665 3046 Gallriae
681 2978 812 3050 regern
828 2994 876 3012 ·-
896 2950 1012 3050 1019.
1032 2979 1069 3051 p.
1094 2980 1124 3028 ι.
1142 2950 1277 3051 incipit
1303 2946 1600 3023 commentarius
1627 2943 1712 3019 linit
1736 2971 1774 3043 p.
1792 2943 1878 3030 446.

272 3066 337 3140 lin.
352 3068 405 3141 18.
426 3066 499 3142 deo
516 3067 665 3166 gratias.
680 3110 722 3124 -
739 3068 804 3141 fol.
822 3069 894 3167 leq.
912 3086 1035 3143 errata
1051 3084 1089 3143 et
1104 3069 1216 3144 index
1232 3082 1504 3143 contentorum
1521 3106 1570 3123 -
1582 3064 1702 3138 'Clran
1719 3063 1779 3137 lat.
1799 3058 1878 3135 loll.

275 3183 315 3257 in
336 3198 420 3258 toto
436 3179 519 3258 233.
544 3204 633 3259 curn
648 3210 732 3284 pag.
750 3184 836 3284 fign.
853 3184 936 3275 446.
953 3185 1016 3261 lin.
1035 3189 1092 3263 26.
1112 3189 1146 3261 8.

464 3355 593 3444 Panaeti
609 3354 705 3410 annal.
724 3370 841 3432 typogr.
860 3358 894 3413 T.
905 3352 932 3414 8.
949 3300 1052 3433 721508.
1071 3358 1109 3427 N.
1129 3377 1175 3412 11.

370 3545 452 3635 724.
476 3578 525 3598 —-
552 3535 746 3615 Plutarchi
760 3543 974 3617 Chaeronei
991 3544 1288 3618 commentarius
1303 3584 1352 3601 -
1369 3543 1408 3615 id
1427 3546 1495 3628 est,
1515 3542 1561 3615 de
1581 3541 1712 3616 officio
1731 3537 1877 3615 audito·

254 3730 258 3738 ,
274 3656 340 3743 ris,
362 3655 454 3757 quid
475 3656 653 3756 legend0‚
671 3676 736 3734 aut
751 3686 824 3760 pro
844 3660 1028 3736 concione
1047 3661 1168 3761 fugiat
1186 3660 1456 3762 vel-sequatur,
1472 3661 1593 3734 multo
1610 3657 1785 3733 omniurn
1806 3653 1882 3730 uti·

272 3773 445 3862 lillimua‚
464 3774 504 3847 in
518 3775 678 3874 gratiam
701 3776 921 3878 Wolfgangi
937 3779 1106 3852 Andreae
1122 3780 1256 3866 Raem,
1280 3777 1459 3879 generosa
1474 3776 1601 3857 indole
1625 3772 1813 3874 discipuli,
1832 3770 1881 3847 ab

276 3893 436 3967 Ottmaro
460 3893 634 3975 Luseriu'o
658 3894 841 3971 latinitate
860 3897 1022 3970 donatus
1041 3939 1090 3954 —
1113 3896 1205 3972 item
1225 3898 1270 3970 de
1291 3896 1462 3970 docenda
1487 3895 1697 3970 virtute-
1714 3888 1881 3965 Haecin

271 4009 399 4087 fronte
416 4011 535 4087 limbo
553 4011 652 4085 incil.
669 4012 892 4088 inclusae-
909 4015 973 4088 sol.
991 4043 1024 4090 2.
1041 4014 1194 4115 epistola
1206 4015 1355 4112 Luscull
1372 4014 1417 4088 ad
1435 4001 1620 4088 Andream'
1638 4012 1765 4096 Raem,
1792 4007 1880 4081 data
1978 4019 1981 4022 ’

272 4155 320 4203 ex
331 4124 430 4227 Aug.
448 4129 634 4205 Vindelic.
659 4128 783 4204 idibus
811 4131 1042 4209 Octobrium
1063 4112 1161 4208 anno
1184 4138 1408 4209 restauratae
1425 4128 1550 4205 salutis
1570 4126 1880 4204 M.D.XXV.-
1953 4132 1964 4212 J

271 4247 385 4321 1012.
404 4240 541 4348 incipit
555 4247 748 4322 Plutarchi
759 4248 972 4325 Chaeronei
994 4254 1040 4326 de
1061 4253 1243 4326 auditoris
1260 4251 1391 4342 officio
1409 4250 1571 4326 libellus.
1582 4293 1626 4344 .-
1642 4245 1874 4349 linitlol.19.

274 4365 338 4439 lin.
360 4393 413 4463 ¹7·
432 4407 482 4423 —
503 4365 567 4440 fol.
585 4394 642 4440 21.
661 4364 798 4468 incipit
818 4366 1012 4442 Plutarchi
1028 4370 1175 4445 libellus
1194 4414 1244 4428 —
1263 4371 1310 4444 de
1331 4368 1502 4443 docenda
1518 4367 1661 4441 virtute
1675 4346 1723 4422 -’-
1738 4363 1801 4437 fol.
1820 4388 1880 4436 22.

275 4483 338 4558 lin.
355 4488 389 4572 4.
406 4481 492 4574 finis
512 4484 624 4560 Char.
644 4485 708 4564 lat.
729 4484 836 4584 gloss,
853 4512 970 4586 marg.
987 4488 1064 4565 foll.
1086 4515 1143 4564 22.
1167 4515 1246 4562 non
1260 4486 1347 4584 fign.
1369 4486 1433 4559 lin.
1457 4501 1515 4584 ²7·
1531 4486 1567 4559 8.
1680 4576 1683 4581 ι

443 4674 444 4679 “
463 4649 569 4708 Editio
587 4653 683 4710 nitida
698 4655 848 4733 hucusque
866 4675 927 4713 non
946 4660 1089 4714 recenlim.

372 4839 453 4937 725.
468 4832 519 4901 ὲ-
533 4792 1078 4949 Famclaauiimcolloquiorum
1095 4842 1302 4947 formulae,
1323 4869 1395 4946 per
1406 4843 1454 4922 D.
1467 4838 1883 4931 Erosm.lloterod.non
