4326 5708
744 701 868 761 entur
894 698 1067 760 sancum
1093 701 1417 760 ruroonrrmcr.
1619 692 1632 713 ⁴
1842 690 1890 764 65
1949 780 1953 785 ,

292 880 402 954 Char.
427 905 526 956 rom.
548 878 689 981 lplend.
714 905 802 956 cum
823 881 909 981 fign.
936 882 1017 957 foll.
1040 909 1095 977 ¹4·
1118 906 1198 954 non
1223 878 1309 980 lign.
1330 880 1393 955 lin.
1419 879 1476 954 28.
1503 879 1576 957 fine
1597 882 1736 957 indicio
1757 882 1831 960 loci
1853 897 1892 958 et

285 1027 372 1075 anm
388 1007 424 1091 4⁰
476 1097 605 1154 Panaeti
619 1097 718 1156 annal.
736 1112 855 1175 typogr.
887 1099 922 1154 Τ.
943 1107 970 1172 4.
989 1118 1018 1173 p.
1039 1097 1100 1154 160.
1120 1097 1160 1158 N.
1174 1097 1241 1174 793.
1255 1097 1371 1164 locum,
1391 1096 1471 1170 quod
1486 1099 1609 1167 attinet,
1631 1118 1667 1158 cx
1682 1101 1845 1166 charactera
1861 1126 1891 1166 et

571 1189 671 1246 charta
689 1190 788 1247 iudico
807 1191 859 1248 has
877 1190 1024 1247 oraciones
1035 1191 1150 1247 Romae
1167 1209 1203 1245 ex
1219 1190 1340 1247 officina
1355 1190 1496 1265 Stephani
1505 1193 1617 1249 Blanclr
1632 1196 1776 1270 prodiisse,

769 1360 871 1454 Sine
901 1358 1024 1454 Nota
1052 1359 1164 1452 Loci
1195 1381 1239 1453 et
1267 1361 1398 1454 Anni.

380 1519 461 1617 748.
486 1557 535 1579 -
560 1519 815 1621 Epithulomr'o
842 1517 1001 1592 Martini
1015 1516 1170 1590 Lutheri
1190 1517 1511 1618 Vur’ttenbergenszi‘
1530 1564 1579 1580 —
1614 1525 1767 1604 Ioannis
1781 1531 1894 1628 Hefiu'

286 1633 576 1733 Vrotr'sloerenfis
592 1677 639 1696 -
661 1635 802 1710 Urbani
815 1635 992 1735 Regri‘ac
1015 1634 1055 1711 id
1081 1659 1200 1734 genus
1218 1634 1495 1734 nuptiatorum.
1514 1681 1560 1703 -
1577 1645 1756 1744 Hymnus
1774 1650 1887 1727 Para·

279 1752 545 1855 nymphorum

512 1895 568 1967 Io.
666 1892 716 1967 io.
815 1892 864 1966 io.
964 1891 1003 1964 io
1164 1893 1298 1966 Nolicr
1310 1909 1420 1991 pater
1435 1895 1498 1970 hic
1512 1899 1693 1975 Lutberus

520 2009 763 2085 Gaudeamus
783 2035 872 2086 cum
886 2008 1006 2082 iubilo
1162 2009 1317 2084 Nostrae
1335 2011 1427 2111 legis
1452 2012 1528 2088 dux
1547 2016 1728 2095 Sincerus

575 2205 581 2216 ,
618 2125 991 2203 DulcesLutheriaci
1259 2127 1428 2228 Nuptam
1445 2130 1550 2208 ducit
1569 2134 1684 2211 hodie

711 2246 812 2319 Cum
831 2242 963 2323 iubilo.
1357 2247 1457 2323 Cum
1475 2249 1606 2329 iubilo.

278 2352 441 2462 Haecin
464 2380 590 2459 fronte
616 2381 640 2457 i.
658 2385 691 2459 3.
715 2381 858 2459 additio
878 2378 1159 2458 Dithiramhica
1173 2381 1220 2458 ad
1241 2383 1530 2486 epithalamium
1546 2391 1654 2468 Mart.
1670 2397 1886 2474 Latiari-

276 2504 341 2600 sol.
360 2505 394 2577 6.
412 2501 682 2602 epithalamion
703 2500 807 2575 loon.
826 2499 940 2597 Heſsr'
949 2500 1117 2600 pronubi
1142 2502 1372 2576 mercenarii
1398 2506 1749 2606 Vrotr'slorrensis—
1767 2517 1829 2594 fot.
1849 2523 1883 2595 8.

275 2621 341 2696 lin.
360 2647 419 2696 ει.
441 2618 586 2693 linia-
600 2617 712 2694 Char.
729 2619 791 2695 lat.
809 2618 887 2692 toll.
910 2620 945 2694 8.
964 2618 1026 2692 lin.
1043 2623 1100 2706 24.
1116 2619 1182 2691 Ex
1195 2620 1405 2694 collectione
1415 2622 1652 2703 Herbr'zrono.

465 2755 570 2815 Editio
584 2755 692 2812 horum
711 2753 967 2846 epithalamiorum
985 2755 1132 2811 rarissima
1148 2771 1175 2810 ot
1190 2755 1300 2813 nullibi
1315 2760 1459 2817 reconlita.

272 2990 275 2996 .
372 2931 453 3028 749.
477 2966 529 2985 -
551 2925 601 3000 M.
616 2925 653 2998 Ίῖ
667 2925 851 2998 Ciceronis
864 2923 1052 2997 librorum
1066 2924 1420 3026 philosophicorum
1428 2930 1611 3009 volumen
1622 2936 1882 3045 primumpost

272 3045 553 3146 Naugerianarn
569 3060 609 3118 et
625 3042 892 3118 Victorianam
906 3041 1185 3118 correctionem
1201 3044 1447 3120 emendatum
1462 3074 1485 3122 a
1500 3049 1881 3139 IohanneSturmr'o-

270 3164 522 3241 Academicae
541 3160 776 3262 quaestiones
792 3203 841 3221 -
869 3159 1048 3235 'editionis
1066 3159 1211 3261 primae
1229 3161 1327 3237 liber
1343 3176 1521 3263 quartus,
1547 3171 1613 3269 qui
1631 3173 1805 3251 Lucullus
1824 3181 1880 3255 in-

271 3281 445 3358 scribitur
459 3319 507 3339 -
525 3278 702 3356 editionis
721 3276 905 3353 secundae
926 3276 1023 3352 liber
1040 3277 1188 3375 primus
1206 3317 1253 3336 -
1273 3278 1319 3354 de
1335 3280 1475 3355 finibus
1491 3285 1683 3365 bonorum
1708 3307 1747 3367 et
1761 3299 1880 3372 malo·

268 3426 358 3474 rum
372 3441 422 3459 -
437 3395 671 3473 Tusculanae
689 3395 933 3498 quaestiones.
953 3437 1004 3454 -
1022 3394 1147 3469 indice
1167 3421 1304 3470 verum
1319 3398 1606 3505 verborumque
1629 3407 1878 3508 inigniorum

270 3516 417 3616 adjecto
433 3541 521 3591 oum
538 3515 659 3616 gratia
677 3528 717 3589 et
732 3512 935 3615 privilegio
947 3512 995 3589 ad
1008 3511 1259 3613 septennium.
1270 3515 1431 3591 -Haec
1445 3517 1486 3590 in
1501 3520 1628 3598 fronte
1643 3553 1732 3601 curn
1743 3529 1806 3603 inli
1811 3534 1876 3631 gni

267 3649 422 3735 typogr.
441 3630 505 3707 fol.
522 3632 556 3708 3.
583 3658 661 3708 non
678 3629 767 3732 flgn.
783 3632 912 3706 nanc.
922 3629 1088 3730 Asulam'
1095 3631 1282 3731 praefatio
1303 3676 1353 3694 —
1375 3634 1438 3709 fot.
1459 3664 1488 3711 1.
1506 3637 1591 3741 fign.
1610 3642 1745 3744 incipit
1760 3641 1810 3721 M.
1838 3650 1876 3726 T.

119 3712 125 3725 ¹
171 3839 175 3846 Ι
271 3751 454 3825 Cicerone&
475 3749 594 3824 Acad.
611 3751 746 3852 quaest.
765 3747 862 3824 liber
877 3764 1045 3851 quartus.
1061 3792 1112 3809 -
1128 3751 1191 3826 fot.
1209 3752 1292 3826 251.
1313 3751 1348 3826 b.
1368 3779 1423 3830 22.
1443 3754 1529 3830 finit
1549 3760 1686 3835 verbo:
1714 3764 1875 3843 Levatio.

264 3867 412 3972 indices
430 3907 479 3928 ·-
501 3866 613 3943 Char.
632 3867 694 3966 lat.
720 3864 797 3941 foll.
815 3867 899 3941 251.
925 3865 1010 3967 figo
1037 3867 1077 3941 in
1100 3884 1183 3943 toto
1206 3869 1288 3967 287.
1314 3897 1438 3982 usque
1465 3873 1512 3948 ad
1539 3875 1677 3953 lineam
1700 3881 1877 3961 ultimam

266 3985 381 4060 nostri
397 3984 643 4085 exemplaris:
655 3982 889 4095 &bogorus
903 3993 1085 4083 regnante
1109 3986 1304 4087 Tarquinio
1319 3987 1358 4061 in
1374 3989 1524 4063 Itolr‘am
1534 3995 1766 4074 venit—lin.
1777 4000 1876 4082 313.

457 4122 539 4199 Optat
555 4121 749 4180 verifimilitcr
759 4121 938 4205 Arffentt‘nae
958 4121 1130 4199 impreffum.

364 4267 446 4364 750.
469 4306 521 4341 ·...
544 4265 611 4341 Ad
626 4269 805 4342 lectorem.
821 4305 870 4324 -
882 4265 1067 4365 Dialogus
1087 4268 1250 4354 festivus,
1271 4269 1310 4345 in
1336 4299 1414 4373 quo
1434 4273 1655 4373 medicafler
1673 4283 1829 4382 quidam
1851 4319 1873 4364 a

266 4382 497 4486 philosopho
511 4383 559 4459 de
578 4384 677 4459 mala
695 4381 874 4460 medendi
895 4383 1045 4458 ratione
1067 4410 1197 4460 coram
1213 4403 1391 4488 praetore
1409 4392 1635 4490 postulatur,
1654 4403 1875 4504 multiplici·

129 4568 137 4581 .
261 4503 412 4600 busque
427 4500 622 4576 erroribua
640 4501 889 4579 convincitur.
915 4499 1025 4577 Licet
1041 4501 1259 4579 medicarer
1273 4504 1348 4580 sele
1365 4533 1438 4607 pro
1456 4509 1602 4588 viribus
1615 4522 1775 4620 purget,
1801 4523 1870 4598 ob-

258 4622 437 4720 jectaque
461 4631 671 4719 utcumque
692 4619 860 4708 refellat,
880 4617 1133 4696 nihilominus
1156 4618 1235 4720 iple
1258 4648 1329 4721 per
1356 4624 1580 4706 Praetorem
1606 4659 1652 4709 ex
1676 4635 1867 4738 suffragiis

263 4734 622 4820 omniumtribuum
635 4763 724 4813 reue
738 4738 873 4827 mortio
883 4736 1173 4839 pronunciatur,
1194 4763 1310 4838 quern
1331 4741 1362 4814 si
1382 4743 1517 4843 legeris
1531 4774 1611 4825 non
1629 4755 1775 4854 poteris
1784 4781 1865 4833 non

262 4855 391 4933 favere
404 4854 552 4932 auctori
569 4852 636 4958 qui
649 4857 791 4958 pestem
806 4871 886 4934 tam
903 4855 1049 4939 laevam
1069 4870 1252 4957 tanquam
1261 4858 1513 4957 perniciosam
1531 4895 1552 4942 e
1570 4869 1700 4946 medio
1716 4870 1866 4951 sustule-

317 4995 407 5074 Volt.
433 4995 506 5075 111.
1019 5023 1024 5030 ·
1071 5021 1073 5026 ’
1557 5009 1574 5082 1
