4326 5708
564 703 688 762 Ptttnss
713 703 886 763 sancum
911 703 1236 762 TYPoGnaPfflct.
1263 702 1308 760 Μ.
1332 703 1374 759 D.
1400 703 1426 760 1.
1452 727 1502 745 -
1526 703 1582 760 xt.
1820 692 1864 780 47

266 882 404 984 sponsa
428 896 560 956 eterna
587 882 765 981 sapientia
790 882 949 956 mirifice
975 882 1259 982 suavillimeque
1285 882 1595 981 interpretantur.
1622 879 1667 937 ‘-
1697 879 1803 954 Haec
1829 880 1869 952 in

262 986 388 1074 fronte
407 1024 496 1073 cum
511 1001 623 1100 imag.
640 1000 681 1074 B.
699 1004 746 1074 V.
759 1016 797 1074 et
813 998 1074 1099 inscriptione:
1093 1029 1161 1076 ave
1178 997 1400 1074 sanctillima
1414 999 1537 1073 Maria
1554 1014 1676 1074 mater
1693 997 1765 1073 dei.
1777 1024 1869 1098 por-

265 1134 304 1191 ta
322 1116 498 1217 paradisl:
515 1117 648 1216 regina
666 1117 782 1191 coeli:
800 1160 850 1175 -
864 1118 976 1192 litter.
994 1118 1135 1218 partim
1152 1117 1280 1191 rubris
1300 1117 1442 1217 partim
1459 1116 1578 1216 nigris
1598 1158 1646 1174 —
1665 1116 1705 1188 in
1722 1116 1796 1190 fine
1804 1114 1869 1188 fol.

267 1262 345 1309 120.
364 1234 427 1308 lin.
445 1234 676 1334 22.'explicit
694 1235 939 1334 horologium
958 1252 1088 1311 eterne
1110 1235 1297 1336 sapientie.
1320 1236 1468 1309 Colonia²
1485 1234 1586 1335 apud
1605 1232 1863 1333 predicatores

265 1351 485 1454 imprcllum
499 1368 614 1454 atque
636 1351 836 1451 diligenter
852 1370 1079 1429 correctum.
1106 1355 1221 1428 Anno
1238 1353 1384 1427 domini
1401 1350 1452 1426 M.
1472 1351 1649 1426 CCCCC.
1671 1351 1737 1424 lX.
1762 1376 1869 1424 men-

262 1469 309 1543 ns
326 1469 563 1570 Septembris
591 1469 669 1570 ipso
697 1469 757 1545 die
785 1471 987 1546 Marcaelli.
1015 1471 1129 1557 Char,
1161 1471 1264 1568 goth.
1289 1470 1444 1545 minusc.
1467 1470 1544 1544 foll.
1579 1494 1758 1544 morton
1782 1467 1868 1569 [ign.

269 1585 332 1660 lin.
352 1587 410 1661 32.
426 1589 459 1661 8.
602 1594 605 1598 ’

456 1757 585 1812 Pcnzerr'
600 1758 696 1821 annal.
713 1773 832 1833 typogr,
850 1759 886 1814 Τ.
905 1758 931 1816 6.
952 1778 980 1834 p.
999 1754 1062 1816 568.
1087 1759 1124 1822 N,
1142 1753 1202 1830 187.

962 2011 1167 2104 M,D.X.'

366 2225 501 2322 706..-·
522 2225 675 2299 Lectum
693 2252 808 2301 aurea
827 2226 973 2300 domini
994 2227 1154 2302 Abbatis
1176 2227 1344 2328 antiqui,
1368 2227 1479 2328 super
1500 2227 1669 2329 quinque
1690 2227 1795 2300 libris
1808 2226 1871 2300 de-

271 2343 472 2418 cretalium
486 2368 576 2417 cum
593 2343 747 2418 dillicho
765 2344 811 2419 ad
829 2346 1058 2420 lectorem(
1409 2421 1412 2431 ,
1802 2355 1816 2378 “

466 2460 630 2536 Pulvere
653 2487 770 2563 quem
785 2461 882 2537 texit
898 2462 1111 2561 priscorum
1128 2464 1166 2537 in
1183 2464 1304 2563 gloria
1318 2478 1498 2564 torpens¹

564 2579 804 2653 Abbasium:
825 2580 1118 2680 Schottz'prellus
1135 2597 1282 2655 aratros
1302 2581 1388 2655 levi.
1466 2599 1471 2605 ⁴

269 2722 357 2770 curn
375 2691 576 2793 privilegio
589 2710 627 2770 et
643 2696 769 2795 aquila
784 2696 971 2795 imperiali
994 2699 1152 2770 1511.-
1168 2684 1328 2772 Haecin
1342 2696 1469 2770 fronte
1489 2697 1608 2770 limbo
1631 2694 1747 2769 incilo
1759 2696 1873 2770 deco·

267 2830 358 2888 rata.
375 2812 440 2885 sol.
462 2811 545 2886 cod.
562 2812 597 2885 b.
617 2812 770 2912 epistola
786 2815 937 2911 Georgii
945 2814 1111 2888 Mam'lli
1124 2814 1230 2913 (alias
1252 2814 1412 2911 Vbelin)
1431 2813 1478 2887 ad
1495 2815 1606 2888 Joan.
1626 2813 1750 2912 tigrin
1768 2813 1833 2888 fol.
1850 2842 1879 2887 1.

270 2932 357 3030 fign.
385 2930 531 3003 lectura
551 2928 694 3029 incipit
718 2973 767 2988 —
786 2931 870 3005 finit
885 2931 950 3005 fot.
969 2933 1052 3004 225.
1079 2930 1142 3004 lin.
1169 2930 1228 3005 23.
1245 2929 1327 3003 usui
1349 2931 1534 3005 litterario
1552 2930 1628 3029 juri
1649 2930 1878 3016 vacantium,

275 3048 451 3148 impenfis
466 3046 505 3120 J.
524 3049 573 3121 V.
588 3048 771 3122 Doctoris
794 3050 946 3146 Georgii
958 3049 1135 3124 Maxilli:
1165 3047 1270 3122 curie
1289 3047 1510 3148 episcopalis
1528 3046 1797 3147 Argentinens.
1820 3049 1880 3121 st.

271 3165 455 3267 gnatoris'.
477 3165 641 3239 Joannes
657 3164 821 3238 Schottus
837 3165 967 3265 prellit
981 3193 1080 3242 anno
1099 3166 1252 3265 gratiae.
1279 3165 1331 3241 Μ.
1358 3166 1407 3239 D.
1434 3166 1483 3240 X.
1503 3164 1810 3241 nonisNovemb.
1830 3209 1878 3225 -

270 3285 532 3359 Maximr'liani
548 3280 715 3357 Caesaris
732 3267 881 3383 semper
904 3284 1044 3385 augusti
1069 3283 1270 3384 privilegio
1297 3285 1618 3388 munitumopus.
1638 3282 1877 3386 -sequitur
1940 3332 1945 3337 -

278 3400 474 3476 annotatio
489 3400 692 3474 titulorum
717 3400 780 3474 fot.
805 3404 889 3476 226.
913 3401 976 3475 lin.
993 3401 1050 3476 36.
1070 3402 1214 3501 registri
1234 3402 1403 3506 quinque
1427 3403 1490 3479 lib.
1513 3401 1759 3478 decretalium
1777 3402 1873 3476 linis.

213 3599 218 3608 ¹
274 3517 388 3593 Char.
411 3517 514 3616 goth.
532 3516 608 3590 foll.
628 3524 709 3608 224.
728 3518 814 3618 fign.
833 3519 872 3594 in
888 3533 971 3593 toto
991 3545 1073 3616 227.
1089 3519 1154 3592 lin.
1173 3521 1231 3595 55.
1250 3519 1272 3592 f.

465 3688 593 3745 Pauori
612 3688 707 3744 annal.
729 3704 844 3766 typogr.
865 3690 900 3747 Τ.
915 3688 943 3747 6.
962 3709 989 3765 p.
1006 3699 1052 3766 49.
1070 3662 1113 3746 ¹N.
1133 3709 1195 3766 191.

963 3949 1016 4024 M.
1042 3948 1092 4024 D.
1118 3947 1187 4023 XI.

370 4185 452 4258 707.
471 4198 519 4216 -
534 4158 843 4235 Tetrachordum
857 4159 1016 4234 Mufices
1030 4160 1189 4233 Ioannis
1217 4158 1341 4233 Coclei
1357 4157 1491 4234 Norici.
1527 4158 1667 4233 artium
1691 4159 1874 4260 Magistri:

270 4278 481 4378 Numberge
496 4303 621 4378 nuper
645 4292 888 4380 contextumzq
907 4303 979 4376 pro
995 4277 1205 4376 juventutis
1223 4278 1480 4353 Laurentiano
1510 4275 1725 4352 eruditione
1742 4278 1874 4382 impri-

273 4397 363 4472 mis:
384 4396 474 4472 dein
492 4396 539 4472 ad
559 4412 777 4472 ceterorum
793 4394 832 4468 in
853 4394 1001 4469 mulleis
1018 4396 1332 4496 Tyrunculorum
1348 4394 1595 4470 salubriorem
1621 4395 1874 4497 planioremq.

278 4512 552 4603 eruditionem,
567 4541 670 4589 nunc
683 4514 809 4615 prima
823 4511 877 4587 sui
893 4506 1102 4591 editionem
1118 4514 1222 4616 typis
1238 4512 1578 4614 calcographorum
1606 4531 1804 4590 exaratum
1830 4515 1877 4589 de

276 4629 426 4732 auspice
434 4630 474 4704 in
489 4631 614 4706 lucem
630 4632 771 4734 prodit
791 4631 1043 4725 ——KBilztaldzi
1053 4632 1302 4727 Briclkeimer
1318 4633 1365 4708 ad
1381 4631 1564 4708 coclitem
1574 4632 1818 4733 epigramma.
1830 4672 1880 4691 -

277 4750 372 4827 item
390 4774 544 4826 carmen
557 4749 1238 4853 Chelr'doniilbesophiliadlectorem
1256 4775 1345 4827 curn
1364 4748 1595 4851 expolitione
1617 4731 1782 4852 quatuor
1800 4765 1877 4826 tra·

278 4883 422 4946 etatum
439 4866 831 4964 buiustetrachordi
856 4872 969 4968 Haeo
980 4867 1110 4967 onmia
1124 4870 1165 4947 in
1184 4869 1312 4946 fronte
1333 4860 1375 4930 ὲ-
1393 4869 1458 4948 iol.
1475 4871 1560 4948 eod.
1576 4869 1717 4970 epistob
1732 4867 1886 4945 Cochlca‘
