4326 5708
648 695 771 755 ιιιιιιι
796 694 969 755 sancum
993 693 1318 756 mroonarmcl.
1346 696 1564 756 nnxxm..
1822 677 1866 749 61

270 873 395 948 lambe
412 873 514 973 apud
532 873 706 949 loannem
724 820 857 962 Procli
890 902 989 951 anno
1004 877 1057 950 M.
1072 877 1120 950 D.
1138 875 1288 949 xxx1.
1306 918 1354 934 -
1370 875 1474 950 Haec
1498 876 1537 947 in
1557 875 1682 948 fronte
1700 872 1762 946 sot.
1787 898 1816 944 ι.
1831 871 1868 942 b.

267 991 454 1093 prologus
472 1007 510 1066 et
531 992 619 1067 dein
636 992 810 1094 capitula.
828 992 956 1068 ·-f01.
975 995 1034 1069 82.
1050 993 1113 1069 lin.
1137 1021 1190 1092 17.
1205 993 1371 1068 moritur
1384 992 1467 1085 ‘sub
1485 991 1685 1066 Ludovico
1705 992 1868 1089 impera-

271 1125 376 1197 tore,
392 1108 472 1184 filio
497 1109 625 1184 Caroli
638 1110 765 1211 magni
788 1135 889 1186 anno
910 1111 1011 1187 dom.
1029 1108 1585 1186 DCCCXXXlV.-indictione
1598 1109 1684 1183 Xll.
1701 1107 1868 1206 sepultus

274 1227 313 1300 in
334 1227 486 1304 ecclelia
503 1227 617 1303 lancti
629 1228 1126 1331 StephoniHalberliattenfi.
1144 1229 1206 1303 fol.
1226 1229 1309 1303 eod.
1329 1228 1365 1303 b.
1383 1227 1523 1327 inllgne
1540 1243 1691 1326 typogr.
1714 1252 1801 1299 cum
1818 1226 1874 1296 in-

144 1385 148 1389 <
271 1343 493 1445 scriptione:
510 1372 669 1447 parcere
690 1346 866 1422 subiectis
885 1363 926 1422 et
940 1346 1128 1422 debellare
1146 1346 1329 1447 superbos
1348 1389 1395 1402 —
1410 1345 1581 1444 superbio
1619 1344 1711 1446 deus
1734 1341 1873 1428 refistit‚

269 1452 478 1538 homilibus
498 1480 626 1539 autem
644 1465 708 1539 dot
721 1466 893 1564 gratiam.
915 1466 1088 1539 Coloniae
1104 1464 1205 1565 apud
1222 1465 1397 1538 loannem
1417 1462 1531 1536 Prael
1550 1462 1602 1535 18.
1623 1460 1748 1535 menle
1766 1459 1874 1534 Junii

272 1606 374 1657 anno
391 1582 444 1658 Μ.
456 1582 504 1657 D.
521 1582 670 1656 XXXL
684 1582 795 1658 Char.
814 1584 874 1659 lat.
892 1582 1035 1658 nitidus
1053 1582 1129 1656 foll.
1149 1607 1229 1689 non
1248 1582 1333 1680 fign.
1346 1583 1404 1654 82.
1423 1580 1559 1655 11ιι.3ι.
1579 1578 1678 1679 gloll.
1706 1604 1822 1677 marg.
1840 1578 1874 1651 8.

463 1753 593 1809 Panaeti
608 1752 703 1809 annal.
722 1769 838 1829 typogr,
860 1754 895 1808 Τ.
914 1751 941 1807 6.
961 1773 989 1827 p.
1008 1751 1065 1826 416.
1086 1752 1125 1808 N.
1143 1752 1206 1826 624.
1225 1753 1291 1811 Van
1308 1751 1358 1806 dar
1374 1749 1477 1808 Hordt
1494 1750 1531 1813 1..
1550 1769 1576 1808 o.
1593 1751 1627 1804 Τ.
1644 1752 1673 1804 3.
1690 1769 1717 1823 p.
1735 1751 1792 1803 213.

371 1936 450 2036 739.
478 1981 525 1999 -
553 1940 666 2038 Opere
679 1938 824 2037 volgari
840 1937 878 2011 di
892 1936 944 2012 M.
961 1938 1061 2012 Luco
1083 1939 1298 2014 Valentiono
1321 1934 1568 2012 Derthonese.
1587 1935 1638 2007 Μ.
1650 1875 1877 2007 DXXXll.

273 2052 378 2128 Haec
400 2053 441 2128 in
455 2053 584 2129 fronte
608 2055 727 2130 limbo
745 2072 878 2130 ornata
894 2099 941 2114 -
957 2045 1021 2130 fol.
1043 2057 1127 2132 eod.
1151 2057 1186 2131 b
1207 2055 1359 2156 epistola
1378 2054 1439 2129 del
1450 2052 1618 2152 federico
1647 2052 1693 2126 de
1711 2047 1878 2145 Gervasr’o

272 2169 502 2270 Napolitano
519 2173 592 2249 alla
605 2172 735 2250 nobile
750 2173 940 2249 madonna
954 2175 1162 2250 Meridzono
1180 2175 1334 2249 Avanzo
1353 2217 1400 2231 -
1420 2172 1484 2248 lol.
1501 2199 1533 2246 2.
1553 2169 1742 2246 Bucolica.
1757 2211 1796 2228 -
1813 2165 1877 2242 fot.

270 2286 330 2362 86.
348 2288 411 2363 lin.
437 2287 492 2364 13.
508 2293 688 2392 stampato
705 2291 745 2366 in
765 2292 925 2393 Venegro
940 2319 1012 2393 per
1024 2299 1182 2371 maestro
1198 2293 1426 2368 Bemardino
1442 2289 1481 2364 di
1508 2289 1641 2364 Vz'talli
1652 2285 1877 2364 Veneriano

268 2392 318 2478 ad
336 2404 506 2484 inflantia
523 2408 562 2483 di
582 2412 745 2486 leden'co
761 2411 808 2486 de
827 2409 994 2509 (lonasto
1005 2407 1268 2516 Neapolitano.
1283 2410 1398 2486 MD.
1416 2407 1585 2483 XXXll.
1603 2406 1664 2481 adi
1680 2434 1715 2480 2.
1731 2405 1876 2480 Marco.
1930 2421 1932 2424 ’

269 2521 385 2598 Char.
406 2523 467 2600 lat.
489 2525 566 2600 foll.
584 2528 642 2602 83.
661 2529 746 2629 [ign
764 2530 805 2605 in
820 2546 902 2609 toto
918 2532 977 2610 86.
995 2533 1058 2609 lin.
1077 2560 1135 2634 29.
1152 2533 1185 2608 8.
1201 2560 1251 2608 ex
1268 2532 1479 2609 collectione
1495 2525 1731 2604 llerbt'zzono.

463 2716 594 2772 Pauori
609 2718 704 2774 annal.
725 2702 842 2796 lypogr,
861 2722 897 2778 T.
912 2718 939 2782 8.
956 2742 988 2800 p.
1005 2723 1068 2787 525.
1087 2719 1209 2790 N,1618.

369 2890 449 2980 740.
476 2926 523 2947 -
550 2885 717 2960 621221ιίΙ
733 2890 905 2992 Capellae
927 2891 975 2966 de
999 2891 1112 2966 rebus
1134 2917 1259 2992 nuper
1277 2889 1317 2963 in
1332 2889 1446 2964 ltalia
1460 2888 1584 2990 gestis,
1615 2887 1880 2962 1112212212.-

271 3001 398 3076 Habes
416 3002 455 3075 in
478 3001 578 3078 hilca
605 3004 730 3094 libris,
760 3007 906 3109 optime
925 3010 1063 3097 lector,
1091 3008 1275 3111 quicquid
1296 3007 1486 3082 bellorum
1505 3007 1544 3080 in
1564 3021 1645 3080 tota
1663 3006 1799 3092 112122,
1829 3003 1875 3076 ab

274 3145 373 3193 anno
392 3119 539 3196 domini
564 3124 665 3197 1521.
685 3123 802 3226 ulque
826 3127 873 3200 ad
891 3152 1035 3202 annum
1056 3128 1157 3202 1530.
1175 3127 1276 3202 inter
1292 3125 1534 3229 pontificem,
1552 3124 1723 3210 Gallum,
1751 3124 1878 3196 Vene-

272 3252 352 3324 tos.
371 3255 410 3313 et
425 3238 611 3316 caesarem
630 3246 770 3353 gestum
782 3247 851 3330 est,
870 3245 1076 3348 praecipue
1095 3272 1208 3329 vero.
1227 3262 1272 3321 ut
1285 3245 1532 3319 Mediolanum
1547 3247 1568 3316 a
1584 3239 1802 3318 caesarianis
1821 3265 1881 3316 rc·

270 3372 513 3453 mperatum,
539 3359 749 3458 liannscus
768 3361 937 3461 ejusdem
957 3363 1034 3438 dux
1058 3363 1268 3451 restitutus,
1290 3379 1327 3438 et
1343 3361 1391 3437 od
1407 3378 1625 3437 extremum
1653 3361 1746 3436 urbs
1761 3360 1881 3434 Romo

270 3488 402 3570 capta,
418 3499 462 3547 ac
479 3473 628 3578 direpta
644 3477 702 3565 fit,
719 3477 952 3579 fingulorum
967 3507 1156 3557 annorum
1176 3481 1290 3558 rebus
1306 3481 1431 3582 gestia,
1462 3479 1612 3580 fingulis
1631 3479 1738 3554 libris
1757 3477 1877 3580 expli·

266 3588 370 3663 catio.
396 3590 472 3665 Rea
487 3597 556 3680 est,
578 3594 674 3669 mihi
690 3596 822 3682 crede,
838 3599 1012 3698 cognitu,
1030 3626 1109 3674 non
1124 3599 1250 3676 minus
1266 3599 1369 3675 utilio
1388 3624 1505 3700 quam
1524 3598 1699 3685 iucunda,
1719 3622 1791 3671 nec
1808 3595 1880 3670 mi·
1904 3632 1910 3641 ·

264 3731 337 3780 nuo
356 3707 549 3809 eleganter
567 3739 684 3814 quam
706 3740 797 3789 vere
819 3713 1014 3818 descripta.
1049 3719 1149 3793 Nam
1168 3717 1370 3817 impudens
1397 3716 1533 3803 luerit,
1566 3714 1666 3790 hilce
1690 3715 1744 3817 de·
1762 3714 1878 3815 reboo

268 3824 396 3900 fallam
415 3827 678 3906 narrationem
700 3831 890 3909 instituere
898 3891 908 3923 1,
931 3860 1098 3937 quorum
1116 3837 1297 3912 authores
1316 3862 1453 3936 magna
1473 3849 1646 3935 exparte
1662 3831 1787 3908 adbuc
1810 3831 1881 3908 lint

164 4047 168 4052 ι
265 3941 485 4045 superstites.
503 3947 566 4022 Τιι
584 3974 687 4027 vero.
705 3977 800 4042 eme,
820 3954 914 4054 lege,
930 3954 1111 4052 juvabere
1132 3970 1170 4031 et
1185 3953 1489 4030 delectabere-
1503 3951 1764 4052 Non’mbergoe
1777 3951 1880 4052 apud
1990 3938 1992 3943 ¹

266 4060 367 4136 loon.
388 4063 586 4155 Pometiam,
611 4095 712 4146 anno
730 4071 784 4148 M.
799 4071 847 4145 D.
865 4073 1033 4149 XXXII.
1058 4100 1146 4148 cum
1167 4072 1307 4173 inligne
1324 4088 1475 4175 typogr.
1504 4111 1552 4130 -
1570 4071 1675 4146 Haec
1694 4066 1734 4144 in
1753 4068 1880 4145 fronte

265 4205 355 4254 com
383 4180 511 4282 inllgn.
540 4202 692 4287 typogr.
717 4233 762 4248 -
783 4190 847 4264 lol.
869 4218 901 4265 2.
923 4193 1089 4266 621222ιῖ
1111 4193 1284 4293 Capellae
1306 4191 1493 4292 praelatio
1520 4185 1566 4263 ad
1585 4187 1812 4287 Fronnycom
1829 4188 1879 4261 ll.

269 4296 420 4373 Ducem
436 4301 766 4382 Mediolanensem.
777 4308 902 4387 -fot
922 4312 976 4409 75.
994 4310 1057 4386 lin.
1074 4338 1128 4386 11.
1145 4336 1233 4386 cum
1252 4309 1351 4385 libro
1368 4310 1401 4384 8.
1421 4309 1468 4383 de
1481 4307 1582 4383 bello
1600 4305 1880 4383 Mediolanenll.

270 4413 367 4493 finio.
382 4459 440 4549 .-
460 4420 572 4501 Char.
604 4424 664 4523 lat.
689 4427 817 4526 grand.
844 4425 985 4528 lplend.
1005 4428 1083 4502 loll.
1102 4428 1190 4529 llgn
1211 4430 1266 4542 73.
1290 4426 1352 4502 lin.
1371 4428 1428 4502 32.
1455 4452 1543 4501 cum
1569 4426 1818 4527 chronologia
1833 4425 1886 4501 ad.

270 4547 539 4633 margi-nem.4

466 4709 593 4768 Pomm·
614 4713 710 4771 22221.
727 4669 846 4792 typogr.
865 4719 901 4776 Τ.
920 4739 947 4793 7.
965 4739 993 4795 p.
1011 4714 1076 4790 482.
1095 4717 1136 4779 Ν.
1149 4712 1214 4795 298,
1231 4715 1366 4791 Meraesela'i
1380 4713 1458 4772 mol.
1474 4712 1620 4774 historica.
1638 4715 1702 4772 vol.
1720 4716 1787 4774 vn.
1807 4718 1836 4771 Ρ.
1852 4733 1880 4770 2.

497 4846 500 4853 ι
559 4822 591 4880 ιι.
613 4823 655 4862 ar.
677 4810 711 4863 in
728 4811 824 4884 operis
844 4809 931 4892 hujus
956 4808 1093 4867 rariffimi
1117 4795 1289 4864 2222282221
1306 4808 1438 4865 Clamant.
1457 4806 1496 4866 L.
1514 4828 1539 4866 o.
1559 4810 1595 4878 T,
1612 4802 1686 4885 6ss'p.
1706 4805 1766 4867 nt.
1783 4827 1812 4863 ιι.
1833 4801 1879 4872 28.

562 4895 640 4956 inter
668 4897 728 4960 2112
751 4901 900 4978 loquentia
915 4919 1065 4971 memorat.
1090 4920 1131 4960 22
1147 4920 1166 4959 2
1183 4899 1321 4977 pluteo·
1338 4900 1451 4960 62112222
1469 4898 1503 4962 lc
1522 4917 1566 4960 222
1581 4918 1720 4978 ouvrage.
1738 4913 1766 4957 ot
1783 4917 1884 4975 erpon-
