4326 5708
613 669 735 728 PRIMI
760 666 932 729 seucum
959 668 1273 731 Trrocneruttt
1298 670 1511 730 Mnxxxvi.

373 911 375 916 .
456 847 608 921 Mantua
632 851 797 947 Virgiliis
812 866 975 937 tumeat,
1000 853 1138 924 Verona
1154 852 1329 924 Catulli's:

561 969 712 1042 Gaudet
728 967 911 1042 Barbanio
926 971 1108 1068 lingonis
1125 996 1194 1043 ora
1208 967 1286 1042 luo,

264 1081 456 1181 Basileon,
480 1109 551 1182 per
569 1083 667 1158 And.
689 1087 925 1159 Cratandrum
953 1084 1077 1161 menie
1101 1083 1322 1186 septembri,
1353 1112 1452 1160 anno
1474 1085 1526 1157 Μ.
1543 1058 1591 1156 Π.
1610 1081 1794 1157 XXXlll.
1822 1120 1868 1140 -
1951 1110 1956 1116 ·

239 1199 328 1315 [fol.
347 1217 380 1274 2.
399 1200 580 1275 Barbanii'
594 1202 746 1302 epistola
762 1204 810 1277 ad
832 1204 881 1277 D.
899 1206 1048 1277 Luri'um
1069 1207 1220 1277 Stellam
1240 1245 1290 1262 -
1306 1203 1390 1277 finit
1413 1204 1475 1277 sol.
1500 1207 1576 1289 124.
1602 1201 1664 1273 lin.
1688 1206 1741 1287 ¹4·
1762 1197 1870 1294 Basi-

263 1316 346 1390 leae
369 1345 440 1416 per
457 1320 570 1393 Andr.
591 1322 845 1408 Cratandrum,
871 1319 996 1396 menie
1011 1321 1248 1421 Septembri,
1267 1347 1377 1413 aanno
1397 1323 1450 1394 Μ.
1475 1322 1523 1393 D.
1542 1320 1727 1392 XXXlll.
1756 1318 1867 1390 Char.

264 1434 326 1510 lat.
343 1435 420 1510 foll.
439 1463 517 1511 non
534 1437 621 1536 sign.
645 1444 723 1528 124.
744 1438 808 1512 lin.
828 1442 885 1515 25.
904 1443 937 1513 8.
955 1467 1005 1513 aa
1018 1441 1229 1514 collacteam
1247 1439 1484 1514 Herbi'zinna.
1812 1477 1815 1481 ·

455 1609 586 1663 Panzeri
598 1607 697 1672 annal.
714 1625 833 1683 typogt.
856 1611 890 1666 T.
909 1609 937 1664 6.
950 1629 980 1686 p.
994 1608 1057 1685 295.
1075 1609 1111 1667 N.
1137 1604 1203 1681 428.
1226 1611 1350 1666 Clement
1367 1610 1403 1665 Τ.
1427 1609 1454 1673 6,
1472 1628 1500 1683 p.
1518 1603 1563 1680 87
1584 1621 1683 1662 notam
1709 1605 1871 1678 sequentem

555 1701 809 1755 exBiinnemanna
825 1717 981 1757 extractam
998 1700 1111 1782 adjecit.
1138 1704 1154 1775 ζ
1182 1705 1373 1758 innotuerunt
1389 1699 1465 1755 mihi
1480 1715 1606 1774 quatuor
1622 1699 1763 1753 editiones
1777 1714 1867 1770 nuga·

348 1794 360 1830 t
510 1791 518 1813 '
555 1810 630 1846 rum.
651 1793 706 1864 (ι).
724 1793 836 1848 Primae
853 1795 1040 1850 Maittairius
1068 1795 1146 1871 apud
1169 1796 1324 1870 Vascasan.
1351 1796 1429 1866 1533·
1449 1793 1559 1847 nudum
1576 1790 1695 1846 titulum
1715 1789 1801 1844 dedit.
1822 1790 1881 1858 (2)·

554 1882 684 1938 Secunda
702 1883 740 1939 eli
758 1886 791 1939 in
813 1889 904 1953 meis,
932 1885 1009 1942 edita
1025 1885 1158 1960 Bostleaa
1183 1908 1235 1962 per
1255 1887 1349 1945 Andr.
1375 1882 1577 1944 Cratandrum.
1595 1883 1689 1938 menie
1702 1879 1872 1956 jSeptembti

555 1977 633 2034 1533.
659 1979 674 2049 ζ
694 1976 760 2036 Van
779 1977 828 2035 det
846 1978 956 2037 Hardt.
976 1979 1014 2035 L.
1036 1999 1060 2043 c,
1072 1982 1109 2038 T.
1124 1982 1152 2035 ὅ.
1168 1999 1196 2056 p.
1212 1982 1276 2037 230.

898 2196 949 2272 n.
976 2197 1026 2275 o.
1052 2197 1239 2272 xxxvi.
1352 2300 1354 2306 A

363 2381 444 2474 744.
470 2418 521 2433 -
544 2377 587 2452 C.
618 2376 735 2481 Crispi
753 2378 905 2477 Salustii
922 2376 1213 2477 historiographi
1231 2373 1418 2452 clarillimi
1440 2377 1541 2449 -L.
1553 2375 1676 2474 Sergii
1691 2371 1875 2456 Catilinae
1991 2383 1992 2386 ’

268 2506 400 2566 contra
418 2493 636 2569 Romanum
650 2497 841 2571 Senatum·
854 2495 1162 2596 conjuratio,‘leu
1176 2496 1319 2569 bellum
1336 2490 1610 2569 catilinarium.
1628 2533 1674 2549 -
1693 2491 1787 2565 item
1797 2485 1878 2564 bet:

267 2605 348 2680 lum
364 2607 653 2707 iugurthinum.
671 2654 716 2671 -
738 2613 891 2710 Quibus
910 2612 1101 2689 corollarii
1122 2613 1203 2688 vice
1221 2609 1469 2698 incitarunt,
1498 2637 1595 2712 quae
1613 2607 1791 2709 proxima
1808 2633 1874 2707 pa·
2005 2598 2027 2650 fl

266 2723 354 2820 gina
373 2724 627 2801 continentur.
644 2728 797 2826 Parisiis
815 2731 915 2830 apud
932 2733 1112 2803 Simonem
1133 2729 1344 2801 Calinaeum
1362 2730 1416 2805 M.
1437 2730 1486 2802 D.
1508 2728 1696 2802 XXXVI.
1714 2752 1802 2821 cum
1821 2725 1876 2796 in-

266 2839 351 2938 sign.
382 2857 534 2943 typogr.
556 2859 594 2919 et
619 2843 882 2946 inscriptione:
904 2847 1031 2921 'virtus
1056 2847 1153 2920 hanc
1180 2846 1302 2922 aciem
1326 2845 1403 2920 sola
1424 2845 1602 2920 retundit.
1628 2888 1678 2904 —
1707 2846 1812 2918 Haec
1837 2843 1876 2914 in

265 2956 402 3033 fronte.
418 2959 482 3046 fot.
505 2962 587 3036 eod.
606 2964 643 3042 b.
662 2990 693 3036 c.
714 2959 832 3063 Crispi
843 2964 996 3060 Salustii
1008 2962 1048 3035 in
1062 2962 1113 3040 Μ.
1138 2963 1216 3037 Tul.
1240 2966 1444 3037 Ciceronem
1461 2961 1661 3038 invectiva.
1670 3001 1716 3018 -
1726 2962 1776 3036 M.
1797 2960 1874 3035 Tul.

271 3077 452 3181 Ciceronis
474 3079 512 3151 in
542 3081 735 3178 Salustium
759 3080 1030 3156 recriminati0.
1052 3123 1106 3171 ¹—-
1131 3081 1301 3180 ejusdem
1329 3084 1511 3157 Ciceronis
1537 3081 1576 3153 in
1602 3081 1645 3154 L.
1677 3080 1876 3153 Catilinam

267 3195 458 3270 orationes
488 3195 553 3270 seu
581 3195 793 3274 invectivae
819 3215 996 3298 quatuor.
1021 3239 1071 3260 -
1085 3198 1211 3272 Porcii
1222 3199 1402 3274 Latronis
1426 3200 1465 3272 in
1490 3196 1655 3273 eundern
1677 3184 1877 3270 Catilinam

269 3307 505 3388 declamatio.
520 3354 570 3373 ··-
588 3316 815 3416 Fragmenta
833 3316 1020 3418 quaedam
1036 3343 1081 3390 ex
1100 3315 1205 3389 libris
1224 3315 1465 3390 historiarum
1478 3316 1520 3391 C.
1541 3312 1659 3416 Crispi
1670 3314 1876 3412 Salustii-

268 3451 356 3501 cum
375 3430 611 3530 alphabetico
626 3434 873 3509 flosculorum
885 3434 1181 3510 saturianorum
1197 3432 1243 3508 ab
1254 3433 1639 3508 Hilderi'cliollntteno
1648 3432 1875 3508 selectorum

267 3542 410 3632 indice,
429 3549 474 3622 ad
493 3550 632 3626 calcem
652 3553 813 3631 adiecto.
831 3595 883 3649 -·¹
894 3553 960 3632 fol.
977 3581 1011 3629 2.
1034 3578 1114 3626 non
1130 3550 1216 3651 flgn.
1235 3576 1282 3625 ex
1306 3549 1411 3626 libris
1429 3551 1532 3624 Petri
1550 3553 1683 3627 Criniti
1698 3551 1744 3624 de
1764 3550 1875 3624 hino-

266 3663 355 3739 ricia
372 3694 415 3741 ac
435 3667 650 3744 oratoribus
666 3661 810 3756 latinia,
828 3667 981 3767 Salustii
993 3670 1080 3746 vita.
1096 3668 1160 3746 fot.
1179 3676 1212 3758 4.
1229 3668 1609 3765 JacobiBonaniensis
1620 3669 1660 3742 in
1673 3669 1873 3775 Catilinam

270 3782 423 3882 Salustii
442 3785 827 3862 annotationunculae
851 3827 896 3844 -
917 3788 981 3862 iol.
1003 3815 1032 3864 i.
1059 3786 1144 3887 sign.
1175 3785 1310 3887 incipit
1333 3787 1376 3862 C.
1405 3786 1522 3886 Cuspi
1535 3784 1686 3882 Salustii
1703 3784 1801 3859 liber
1824 3782 1873 3858 de

267 3904 529 4009 conjuratione
552 3906 743 3980 Catilinae.
764 3946 814 3963 -
835 3907 978 4007 pate.
1001 3906 1064 3981 lin.
1095 3907 1148 3980 18.
1168 3887 1253 3979 finis
1280 3921 1373 3983 orat.
1401 3905 1448 3981 de
1474 3932 1554 4006 rep.
1577 3903 1797 3980 ordinanda.
1826 3947 1875 3963 -·

268 4022 475 4122 sequuntur
491 4021 605 4099 flores
622 4051 670 4098 ex
687 4020 841 4120 Salustii)
860 4050 931 4125 per
942 4023 1181 4097 Huldrichum
1188 4023 1381 4096 lliettanum
1399 4023 1523 4101 selecti
1544 4007 1774 4121 -quarum
1788 4022 1874 4096 finis

269 4139 344 4214 foll.
367 4143 444 4237 167.
470 4141 531 4217 lin.
554 4170 607 4217 ιι.
625 4185 675 4201 ·-
689 4142 799 4217 Char.
818 4143 879 4217 lat.
904 4168 990 4242 pag.
1013 4141 1099 4241 ligii.
1125 4141 1208 4216 283.
1234 4141 1380 4216 folleia
1407 4156 1491 4216 tota
1516 4141 1596 4234 175·
1619 4139 1681 4212 lin.
1701 4139 1759 4214 33.
1784 4167 1873 4216 cum

266 4256 388 4355 glollis
403 4283 521 4358 marg.
537 4258 572 4333 8.

460 4429 588 4487 Panaeti
607 4431 704 4500 annul.
723 4446 840 4508 typogr,
862 4430 896 4486 Τ.
913 4427 939 4496 8,
958 4452 987 4509 p·
1007 4443 1063 4506 ¹94
1084 4431 1124 4488 N.
1143 4429 1227 4490 2538.
1247 4433 1349 4488 Maio.
1370 4430 1406 4492 T.
1424 4447 1451 4490 2.
1471 4447 1499 4503 p.
1517 4423 1587 4503 840·

368 4601 448 4696 745.
476 4642 523 4660 -
551 4601 717 4706 Omnium
728 4603 892 4700 gentiiim
911 4625 1047 4688 mores,
1078 4601 1179 4700 leget
1201 4616 1241 4674 et
1254 4599 1352 4673 'ritus
1373 4620 1419 4672 ex
1437 4594 1566 4672 multia
1591 4594 1797 4673 clariliirr'ris
1812 4622 1873 4672 re·

269 4743 358 4793 rum
376 4716 641 4816 scriptoribus,
668 4720 846 4793 troanie
862 4720 999 4796 Borma
1022 4720 1177 4795 Aubana
1197 4715 1393 4791 teutonico
1408 4740 1534 4817 nuper
1555 4714 1723 4802 collecti,
1745 4728 1784 4788 et
1801 4740 1872 4788 no-

269 4835 413 4914 villime
432 4835 629 4936 recogniti.
651 4876 699 4895 -
712 4837 837 4914 tribue
853 4839 961 4914 librie
977 4837 1188 4920 absolutum
1204 4859 1323 4933 opue,
1342 4832 1571 4934 Aphricain,
1597 4830 1722 4907 Aliam
1738 4846 1778 4907 et
1795 4832 1871 4906 llu-
