4326 5708
276 638 325 727 64
557 651 844 712 conrtnutrto
872 652 1077 729 caranum
1103 649 1322 708 manarunt
1348 645 1597 706 Latinorum

278 858 415 932 ropam
434 830 738 908 describentibus.
764 871 810 887 -
829 859 909 906 non
932 833 1004 909 line
1030 832 1153 907 indice
1171 825 1471 929 locupletissimo.
1499 865 1546 880 -
1563 824 1667 898 Haec
1688 823 1728 895 in
1744 821 1887 895 fronte.

277 976 365 1024 cum
384 950 510 1051 infign.
535 967 688 1052 typogr.
712 968 750 1026 et
766 949 1028 1051 inscriptione:
1056 948 1229 1050 ingenuis
1260 946 1382 1022 obesse
1410 972 1459 1019 ne
1485 942 1767 1043 provehantur,
1792 965 1888 1038 pau·
1918 970 1921 976 ·

277 1083 468 1168 pertatem
483 1068 656 1144 summis:
681 1086 720 1144 et
742 1069 840 1145 infra
860 1110 905 1129 -
927 1067 1080 1169 ingenio
1106 1083 1282 1168 poteram
1310 1065 1462 1164 superas
1485 1059 1645 1136 volitare
1674 1081 1886 1161 permees,

116 1241 119 1245 -
278 1211 341 1260 me
365 1186 432 1277 11111
455 1205 659 1287 paupertas
685 1189 814 1262 invida
841 1186 1074 1290 deprimeret
1097 1227 1145 1243 -
1168 1185 1343 1283 Lugduni
1367 1181 1468 1283 apud
1491 1179 1717 1277 blanuscum
1744 1174 1889 1273 Iustum.

278 1305 330 1378 M.
347 1305 396 1378 D.
418 1304 606 1379 XXXVI.
624 1348 675 1364 -
691 1306 755 1381 sol.
776 1304 858 1381 eod.
882 1306 917 1381 b.
938 1303 1288 1405 Hendecalyllabon
1306 1302 1353 1376 ad
1371 1303 1555 1376 lectorem
1575 1297 1708 1370 -101,
1727 1295 1760 1368 3.
1781 1294 1885 1367 Iaaa.

278 1422 579 1497 Boe'mr'Aubani
592 1426 691 1525 epill.
707 1424 754 1500 ad
771 1424 984 1522 Sz'gz'smund
993 1424 1111 1524 (ἔφη.
1131 1462 1175 1480 -
1188 1421 1252 1495 fol.
1269 1421 1353 1495 303.
1370 1420 1435 1493 lin.
1446 1420 1504 1492 25.
1525 1416 1609 1492 finit
1628 1441 1717 1490 cum
1734 1411 1886 1512 epistola

278 1541 456 1615 Andreae
475 1541 731 1643 Paleosphyra
750 1544 797 1618 ad
814 1545 998 1618 lectorem
1016 1583 1063 1602 -
1084 1542 1171 1615 dein
1187 1541 1303 1614 index
1326 1555 1364 1613 et
1380 1537 1519 1636 insigne
1545 1531 1883 1636 typographicam
1914 1544 1918 1551 '

280 1657 523 1760 inscriptione
538 1659 650 1761 supra
665 1662 839 1740 adducta.
858 1662 969 1737 Char.
989 1660 1118 1760 grand.
1139 1660 1230 1758 eleg.
1253 1658 1328 1734 soll.
1347 1655 1432 1756 fign.
1450 1654 1687 1731 3031111010
1705 1650 1789 1725 315.
1801 1648 1833 1722 8.

471 1832 599 1889 Panzera'
618 1834 713 1899 annal,
733 1848 849 1909 typogr.
870 1834 905 1889 Τ.
924 1853 954 1908 7.
972 1853 1001 1907 p.
1020 1834 1084 1905 37⁰·
1105 1834 1143 1898 N.
1161 1828 1225 1906 834,

718 2067 720 2071 ⁵
864 2100 978 2194 Sine
1009 2098 1138 2193 Nota
1168 2099 1313 2194 Anni.

375 2310 457 2407 746.
483 2352 533 2370 -
557 2311 694 2386 Nouum
725 2313 984 2411 Testamentum
1002 2338 1135 2412 graece
1156 2328 1194 2388 et
1215 2313 1330 2387 latine
1350 2353 1398 2370 -
1415 2311 1462 2385 de
1479 2305 1630 2405 Erasma
1644 2304 1885 2381 Hateradama

277 2427 489 2529 interprete
502 2469 548 2488 -
566 2457 655 2509 cum
669 2431 901 2518 summariis,
925 2431 1206 2507 concordantiis
1225 2446 1264 2507 et
1281 2426 1598 2531 explicationibus
1618 2422 1884 2503 difficilimum

274 2547 569 2645 vocabulorum,
596 2565 634 2623 et
656 2549 737 2624 aliis
757 2549 797 2643 in
820 2550 890 2625 hac
908 2550 1075 2626 editione
1088 2548 1292 2650 praestitis,
1317 2547 1375 2622 uti
1402 2574 1449 2621 ex
1478 2543 1650 2647 sequenti
1672 2542 1824 2645 epistola
1841 2559 1882 2619 et

272 2662 385 2764 ipllus
409 2666 537 2766 operis
557 2665 800 2766 impressione
824 2685 992 2768 apparet.
1011 2709 1057 2724 -
1077 2668 1333 2768 Argentorati,
1361 2665 1494 2740 excud.
1525 2662 1741 2761 Theodosius
1769 2662 1885 2736 1117111-

271 2783 354 2856 Itius.
371 2825 422 2841 -
444 2783 550 2858 Haec
575 2784 613 2857 in
639 2785 765 2861 fronte
785 2787 902 2861 limbo
922 2786 1115 2886 variisque
1137 2785 1268 2886 figuris
1289 2784 1408 2858 incifis
1431 2796 1568 2858 ornato
1586 2825 1637 2840 -
1655 2781 1720 2856 sol.
1742 2808 1776 2855 2.
1800 2806 1880 2854 non

274 2900 360 2997 sign.
382 2900 534 2998 epistola
551 2916 704 2999 typogr.
718 2903 765 2977 ad
783 2904 968 2978 lectorem
988 2903 1113 2977 -101,
1133 2931 1166 2977 2.
1185 2903 1220 2977 b.
1237 2902 1382 2977 summa
1398 2901 1516 2976 totius
1533 2899 1657 2974 sacrae
1672 2897 1881 3001 scripturae

275 3042 364 3090 cum
381 3016 460 3092 vita
485 3018 519 3091 S.
547 3017 733 3092 Matthaei
748 3047 821 3118 per
841 3020 930 3094 Div.
955 3023 1213 3120 Hieronymum
1234 3020 1419 3120 descripta
1438 3062 1484 3077 -
1506 3018 1570 3093 fol.
1591 3016 1771 3093 36811011
1790 3016 1878 3115 slgn.

274 3132 342 3209 lin.
366 3140 399 3224 4.
425 3133 511 3209 finis
529 3174 575 3190 —
597 3135 710 3211 Char.
726 3136 789 3212 lat.
817 3152 855 3212 et
874 3164 1031 3250 graecia
1048 3137 1221 3214 minutiis.
1243 3136 1342 3238 gloss.
1362 3163 1479 3238 marg.
1501 3134 1565 3210 sol.
1585 3161 1667 3211 non
1684 3133 1772 3235 sign.
1795 3132 1881 3210 368.

272 3251 406 3352 111149.
428 3252 465 3340 8,

463 3421 621 3499 Catalogus
638 3424 830 3482 Bunavr'anus
852 3427 887 3484 Τ.
908 3447 933 3484 1.
952 3427 1015 3486 vol.
1038 3445 1060 3484 1.
1080 3447 1110 3504 p.
1133 3442 1176 3487 11.
1198 3427 1230 3483 b.

368 3617 452 3711 747.
478 3655 525 3673 -
555 3613 680 3688 Oratz'o
695 3613 843 3712 Iasonis
867 3616 1140 3692 nitidissimam
1159 3616 1425 3693 sanctissimum
1439 3614 1730 3693 matrimonium
1750 3613 1883 3691 felicis·

272 3730 457 3836 fimasque
472 3731 624 3832 nuptias
639 3732 1006 3835 Maatinilraniregis
1021 3750 1059 3810 et
1077 3735 1396 3811 BlancaeMan'ae
1412 3736 1564 3836 reginae
1580 3758 1883 3809 romanorum·-

272 3849 480 3924 earundem
501 3850 704 3925 faustarum
725 3853 950 3952 nuptiarum
978 3852 1251 3952 epithalamion
1269 3854 1481 3928 «sebastiani
1493 3855 1621 3927 Brant.
1640 3895 1690 3911 -
1714 3852 1884 3928 Haecin

266 3966 397 4042 ,sronte
415 4009 466 4026 -
481 3968 543 4044 fol.
569 3997 597 4042 1.
619 3969 654 4043 b.
672 3969 825 4071 epistola
847 3972 1009 4046 Conradi
1021 3971 1134 4072 Nigri
1146 3973 1193 4047 ad
1212 3973 1431 4072 Hz'ppolitum
1451 3971 1662 4069 Celestzhum
1678 3969 1814 4070 scripta
1832 3994 1882 4045 ex

273 4085 495 4186 Campzilana
516 4088 571 4166 15.
581 4086 768 4186 Kal.May
790 4095 892 4188 1494.
912 4088 1019 4166 soba.
1038 4090 1187 4189 Jasanis
1205 4091 1332 4191 magni
1350 4090 1623 4192 epithalamion
1641 4087 1765 4163 oratio
1783 4088 1881 4163 linit.

269 4202 334 4277 sol.
358 4231 413 4279 12.
427 4221 556 4279 actum
575 4199 745 4306 Inspruclt
763 4202 824 4279 die
844 4206 952 4281 XVl.
967 4209 1214 4283 Marcri‘anno
1236 4209 1387 4285 anatali
1408 4214 1513 4307 1494.
1534 4249 1584 4266 -
1606 4205 1670 4281 sol.
1694 4231 1747 4280 12.
1767 4205 1803 4279 b.
1822 4204 1881 4279 in·

190 4419 195 4426 Ι
270 4319 364 4421 cipit
380 4320 651 4421 epithalamion
669 4319 878 4419 Sebastaani
891 4323 1011 4398 Brant
1024 4326 1071 4400 ad
1088 4326 1205 4401 finem
1220 4328 1297 4402 soll.
1322 4335 1373 4418 14.
1391 4328 1454 4401 lin.
1476 4327 1530 4401 18.
1553 4323 1724 4421 Basileae
1740 4322 1881 4398 Kalen·

271 4436 329 4512 dis
347 4437 625 4514 Decembribus
647 4439 753 4538 1493.
781 4439 869 4514 dein
894 4441 1077 4518 distichon
1097 4445 1174 4520 Jae.
1201 4446 1474 4546 Vymphelrngii
1488 4443 1677 4540 Slestatiai
1700 4440 1741 4516 in
1757 4440 1876 4516 Blan-

273 4555 380 4630 cbam
394 4555 554 4631 Manum
570 4583 669 4637 rom.
691 4558 900 4658 Reginam:

463 4692 567 4769 Diva
581 4696 704 4770 Maria
729 4698 864 4797 polum
879 4715 1054 4775 materno
1071 4702 1157 4800 jure
1171 4698 1358 4800 gubernat

559 4827 603 4887 tu
623 4838 711 4889 cum
726 4839 815 4916 rege
835 4818 901 4920 pio
925 4819 1098 4897 Blancha
1114 4818 1238 4895 Manu
1255 4815 1391 4929 10111111,
